<?xml version="1.0" encoding="utf-8"?>
<record xmlns="http://www.loc.gov/MARC21/slim" xmlns:xsi="http://www.w3.org/2001/XMLSchema-instance" xsi:schemaLocation="http://www.loc.gov/MARC21/slim http://www.loc.gov/standards/marcxml/schema/MARC21slim.xsd">
	<leader>
		01203nam a2200277   4500
	</leader>
	<controlfield tag="001">
		001678189
	</controlfield>
	<controlfield tag="003">
		NNU
	</controlfield>
	<controlfield tag="006">
		m        d        
	</controlfield>
	<controlfield tag="007">
		cr cn |||m|||a
	</controlfield>
	<controlfield tag="008">
		151007s1964    iq      o     000 0cara  
	</controlfield>
	<datafield ind1=" " ind2=" " tag="040">
		<subfield code="a">
			NNU
		</subfield>
		<subfield code="b">
			eng
		</subfield>
		<subfield code="c">
			NNU
		</subfield>
	</datafield>
	<datafield ind1="1" ind2=" " tag="100">
		<subfield code="a">
			Amīnī, Muḥammad Hādī.
		</subfield>
	</datafield>
	<datafield ind1="1" ind2="0" tag="245">
		<subfield code="a">
			Muʻjam rijāl al-fikr wa-al-adab fī al-Najaf
		</subfield>
		<subfield code="h">
			[electronic resource] :
		</subfield>
		<subfield code="b">
			khilāl alf ʻām. [al-Ṭabʻah 1].
		</subfield>
	</datafield>
	<datafield ind1=" " ind2=" " tag="260">
		<subfield code="a">
			al-Najaf,
		</subfield>
		<subfield code="b">
			Maṭbaʻat al-Ādāb,
		</subfield>
		<subfield code="c">
			1964.
		</subfield>
	</datafield>
	<datafield ind1=" " ind2=" " tag="300">
		<subfield code="a">
			online resource (494 p.)
		</subfield>
	</datafield>
	<datafield ind1=" " ind2=" " tag="500">
		<subfield code="a">
			Bibliography: p. [491]-494.
		</subfield>
	</datafield>
	<datafield ind1=" " ind2=" " tag="500">
		<subfield code="a">
			Part of the Arabic Collections Online (ACO) project, contributed by New York Univeristy Libraries.
		</subfield>
	</datafield>
	<datafield ind1=" " ind2=" " tag="533">
		<subfield code="a">
			Electronic reproduction.
		</subfield>
		<subfield code="b">
			New York, N.Y. :
		</subfield>
		<subfield code="c">
			New York University,
		</subfield>
		<subfield code="d">
			2015.
		</subfield>
		<subfield code="5">
			NNU
		</subfield>
	</datafield>
	<datafield ind1=" " ind2="0" tag="650">
		<subfield code="a">
			Muslim scholars
		</subfield>
		<subfield code="z">
			Najaf.
		</subfield>
	</datafield>
	<datafield ind1=" " ind2="0" tag="651">
		<subfield code="a">
			Najaf
		</subfield>
		<subfield code="v">
			Biography.
		</subfield>
	</datafield>
	<datafield ind1="2" ind2=" " tag="710">
		<subfield code="a">
			New York University.
		</subfield>
		<subfield code="b">
			Libraries.
		</subfield>
	</datafield>
	<datafield ind1="0" ind2=" " tag="730">
		<subfield code="a">
			Arabic Collections Online.
		</subfield>
	</datafield>
	<datafield ind1="0" ind2="8" tag="776">
		<subfield code="i">
			Print version:
		</subfield>
		<subfield code="a">
			Amīnī, Muḥammad Hādī.
		</subfield>
		<subfield code="t">
			Muʻjam rijāl al-fikr wa-al-adab fī al-Najaf
		</subfield>
		<subfield code="w">
			(NNU)001678189
		</subfield>
		<subfield code="w">
			(DLC)ne 67001022
		</subfield>
	</datafield>
	<datafield ind1="4" ind2="0" tag="856">
		<subfield code="u">
			http://hdl.handle.net/2333.1/5dv41rm6
		</subfield>
	</datafield>
	<datafield ind1=" " ind2=" " tag="959">
		<subfield code="a">
			NNU
		</subfield>
		<subfield code="b">
			WEB
		</subfield>
		<subfield code="c">
			GENI
		</subfield>
		<subfield code="t">
			0
		</subfield>
		<subfield code="m">
			Electronic access
		</subfield>
		<subfield code="s">
			01
		</subfield>
	</datafield>
	<datafield ind1=" " ind2=" " tag="999">
		<subfield code="i">
			NNU_001678189
		</subfield>
		<subfield code="s">
			nyu_aco001306
		</subfield>
		<subfield code="e">
			(ERROR-880)
		</subfield>
	</datafield>
</record>
